<?xml version="1.0" encoding="UTF-8"?><record xmlns="http://www.loc.gov/MARC21/slim" xmlns:cinclude="http://apache.org/cocoon/include/1.0" xmlns:zs="http://www.loc.gov/zing/srw/">
  <leader>00578cz  a2200157n  4500</leader>
  <controlfield tag="001">n  84217437 </controlfield>
  <controlfield tag="003">DLC</controlfield>
  <controlfield tag="005">20040615085936.0</controlfield>
  <controlfield tag="008">841024n| acannaabn          |a aaa      </controlfield>
  <datafield tag="010" ind1=" " ind2=" ">
    <subfield code="a">n  84217437 </subfield>
  </datafield>
  <datafield tag="035" ind1=" " ind2=" ">
    <subfield code="a">(OCoLC)oca01228503</subfield>
  </datafield>
  <datafield tag="040" ind1=" " ind2=" ">
    <subfield code="a">DLC</subfield>
    <subfield code="c">DLC</subfield>
    <subfield code="d">TNJ</subfield>
    <subfield code="d">DLC</subfield>
  </datafield>
  <datafield tag="100" ind1="1" ind2=" ">
    <subfield code="a">Edwards, Kevin J.</subfield>
  </datafield>
  <datafield tag="500" ind1="1" ind2=" ">
    <subfield code="a">Edwards, Kevin</subfield>
  </datafield>
  <datafield tag="670" ind1=" " ind2=" ">
    <subfield code="a">The Quaternary history of Ireland, 1984:</subfield>
    <subfield code="b">CIP t.p. (Kevin J. Edwards, Dept. of Geography, Univ. Birmingham, Eng.)</subfield>
  </datafield>
  <datafield tag="670" ind1=" " ind2=" ">
    <subfield code="a">Hunter-gatherer landscape archaeology, 2000:</subfield>
    <subfield code="b">t.p., v. 1 (Kevin Edwards) p. vi (Dept. of Geography, Univ. of Aberdeen)</subfield>
  </datafield>
</record>